@string{springer="Springer-Verlag"}
@string{lncs="LNCS"}
@string{acm="ACM"}

@article{Arieli:JLLI96,
  author    = {O. Arieli and A. Avron},
  title     = {Reasoning with Logical Bilattices},
  journal   = {Journal of Logic, Language and Information},
  volume    = {5},
  pages     = {25--63},
  year      = {1996},
}

@article{Arieli:AI98,
  author    = {O. Arieli and A. Avron},
  title     = {The Value of Four Values},
  journal   = {Artificial Intelligence},
  volume    = {102},
  pages     = {97--141},
  year      = {1998},
}

@article{Barringer:ActaInf84,
  author    = {H. Barringer and J. H. Cheng and C. B. Jones},
  title     = {A Logic Covering Undefinedness in Program Proofs},
  journal   = {Acta Informatica},
  volume    = {21},
  pages     = {251--269},
  year      = {1984},
}

@inproceedings{Blair:FSTTCS87,
  author    = {H. A. Blair and V. S. Subrahmanian},
  title     = {Paraconsistent Logic Programming},
  editor    = {K. Nori},
  booktitle = {Proceedings of the Seventh Conference on 
		Foundations of Software Technology and Theoretical Computer Science},
  series    = lncs,
  volume    = {287},
  publisher = {Springer},
  pages     = {340--360},
  year      = {1987},
}

@incollection{Blamey:HPL86,
  author    = {S. Blamey},
  title     = {Partial Logic},
  editor    = {D. Gabbay and F. Guenthner},
  booktitle = {Handbook of Philosophical Logic},
  volume    = {III},
  publisher = {D. Reidel Publishing Company},
  year      = {1986},
}

@incollection{Blikle:VDM88,
  author    = {Andrzej Blikle},
  title     = {Three-Valued Predicates for Software Specification and Validation},
  editor    = {R. Bloomfield and L. Marshall and R. Jones},
  booktitle = {{VDM}---the Way Ahead},
  series    = lncs,
  volume    = {328},
  publisher = {Springer},
  pages     = {243--266},
  year      = {1988},
}

@article{Farmer:Erkenntnis96,
  author    = {William M. Farmer},
  title     = {Reasoning about Partial Functions with the Aid of a Computer},
  journal   = {Erkenntnis},
  volume    = {43},
  pages     = {279--294},
  year      = {1996},
}

@article{Fitting:JLP91,
  author    = {Melvin Fitting},
  title     = {Bilattices and the Semantics of Logic Programming},
  journal   = {Journal of Logic Programming},
  volume    = {11},
  pages     = {91--116}, 
  year      = {1991},
}

@article{Fitting:JLP85,
  author    = {Melvin Fitting},
  title     = {A {Kripke-Kleene} Semantics for Logic Programs},
  journal   = {Journal of Logic Programming},
  volume    = {2},
  pages     = {295--312}, 
  year      = {1985},
}

@article{Fitting:FI88,
  author    = {Melvin Fitting},
  title     = {Logic Programming on a Topological Bilattice},
  journal   = {Fundamenta Informaticae},
  volume    = {XI},
  pages     = {209--218}, 
  year      = {1988},
}

@incollection{Gries:95,
  author    = {David Gries and Fred B. Schneider},
  title     = {Avoiding the Undefined by Underspecification},
  editor    = {J. {van Leeuwen}},
  booktitle = {Computer Science Today: Recent Trends and Developments},
  series    = lncs,
  volume    = {1000},
  publisher = {Springer},
  pages     = {366--373},
  year      = {1995},
}

@article{Gumb-Lambert:ML97,
  author    = {Raymond D. Gumb and Karel Lambert},
  title     = {Defiinitions in Nonstrict Positive Free Logic},
  journal   = {Modern Logic},
  volume    = {7},
  pages     = {25--55},
  year      = {1997},
}

@article{Hoogewijs:ActaInf87,
  author    = {A. Hoogewijs},
  title     = {Partial Predicate Logic in Computer Science},
  journal   = {Acta Informatica},
  volume    = {24},
  pages     = {381--393},
  year      = {1987},
}

@book{Kleene52,
  author    = {S. C. Kleene},
  title     = {Introduction to Metamathematics},
  publisher = {Van Nostrand},
  year      = {1952},
}

@article{Kleene38,
  author    = {S. C. Kleene},
  title     = {On Notation for Ordinal Numbers},
  journal   = {The Journal of Symbolic Logic},
  volume    = {3},
  pages     = {150--155},
  year      = {1938},
}

@incollection{Konikowska:VDM88,
  author    = {Beata Konikowska and Andrzej Tarlecki and Andrzej Blikle},
  title     = {A Three-Valued Logic for Software Specification and Validation},
  editor    = {R. Bloomfield and L. Marshall and R. Jones},
  booktitle = {{VDM}---the Way Ahead},
  series    = lncs,
  volume    = {328},
  publisher = {Springer},
  pages     = {218--242},
  year      = {1988},
}

@article{Kunen:JLP87,
  author    = {Ken Kunen},
  title     = {Negation in Logic Programming},
  journal   = {Journal of Logic Programming},
  volume    = {4},
  pages     = {289--308}, 
  year      = {1987},
}

@incollection{McCarthy:FormalBasis63,
  author    = {John McCarthy},
  title     = {A Basis for a Mathematical Theory of Computation},
  editor    = {P. Bradford and D. Hirschberg},
  booktitle = {Computer Programming and Formal Systems},
  publisher = {North-Holland},
  pages     = {33--70},
  year      = {1963},
}

@article{Luk:RF20,
  author    = {J. {\L}ukasiewicz},
  title     = {O logice tr{\'o}jwarto{\'s}ciowej},
  journal   = {Ruch filozoficzny},
  volume    = {5},
  pages     = {169--171},
  year      = {1920},
  note      = {English translation in S. McCall, \emph{Polish Logic}, 
		Oxford University Press, 1967.}
}

@article{Mar-Son:JLP92,
  author    = {K. Marriott and H. S{\o}ndergaard},
  title     = {Bottom-Up Dataflow Analysis of Normal Logic Programs},
  journal   = {Journal of Logic Programming},
  volume    = {13},
  pages     = {181--204}, 
  year      = {1992},
}

@article{Morris:FAC98,
  author    = {Joseph M. Morris and Alexander Bunkenburg},
  title     = {Partiality and Nondeterminacy in Program Proofs},
  journal   = {Formal Aspects of Computing},
  volume    = {10},
  pages     = {76--96},
  year      = {1998},
}

@article{Naish:TPLP06,
  author    = {Lee Naish},
  title     = {A Three-Valued Semantics for Logic Programmers},
  journal   = {Theory and Practice of Logic Programming},
  volume    = {6},
  pages     = {509--538}, 
  year      = {2006},
}

@inproceedings{Nishimura:LOPSTR09,
  author    = {Susumu Nishimura},
  title     = {Refining Exceptions in Four-Valued Logic},
  editor    = {D. {De Schreye}},
  booktitle = {Proceedings of LOPSTR 2009},
  series    = lncs,
  volume    = {6037},
  publisher = {Springer},
  pages     = {113--127},
  year      = {2009},
}

@article{Owe:FAC93,
  author    = {Olaf Owe},
  title     = {Partial Logics Reconsidered: A Conservative Approach},
  journal   = {Formal Aspects of Computing},
  volume    = {5},
  pages     = {208--223},
  year      = {1993},
}

@book{Priest08,
  author    = {Graham Priest},
  title     = {An Introduction to Non-Classical Logic},
  publisher = {Cambridge University Press},
  edition   = {Second},
  year      = {2008},
}

@article{Visser:JPL84,
  author    = {Albert Visser},
  title     = {Four Valued Semantics and the Liar},
  journal   = {Journal of Philosophical Logic},
  volume    = {13},
  pages     = {181--212},
  year      = {1984},
}

